=LDR  02153cam a22005773  4500
=001  016286621
=003  Uk
=005  20230613153913.0
=007  cr\mn\024mpadp
=007  cr\mn\024mpada
=008  880510|1806|||||||\\\\|s\\\\\|||\||eng\\
=FMT  \\$a  BK
=040  \\$aUk$cUk
=100  1\$aDOUGLAS, Alexander,$cof Strathmiglo.
=245  10$aPoems, chiefly in the Scottish Dialect.$h[electronic resource]
=264  \1$aCupar-Fife,$c1806.
=300  \\$c(12º)
=336  \\$atext$2rdacontent
=337  \\$acomputer$2rdamedia
=338  \\$aonline resource$2rdacarrier
=340  \\$m12mo$2rdabf
=655  \7$aPoetry.$2fast$0(OCoLC)fst01423828
=859  \\$aXLD$bGOOGLEBOOKS
=859  \\$aXLD$bMS Digitised
=859  \\$aXLD$bMSD
=883  0\$aLanguage codes assigned by Bayesian analysis of words present in record$d20201028$qUk$c0.9010
=852  4\$cDRT$jDigital Store 992.g.19.(2.)$aBritish Library$bHMNTS
=985  \\$aEnhanced during collaborative project with UCL (course BASC0033). 2022-23.
=985  \\$aCorrected by MS generated file for WR# 1805-0738
=985  \\$aUpgraded by BSS-generated file for WR2011-1472
=CAT  \\$aBATCH-MSDN$b00$c20130227$lBLL01$h1541
=CAT  \\$aMSD-SUPP$c20130227$lBLL01$h1832
=CAT  \\$aBATCH-UPD$b00$c20130318$lBLL01$h1050
=CAT  \\$aWR13.117$c20130720$lBLL01$h1920
=CAT  \\$aWR14.046$c20140417$lBLL01$h1724
=CAT  \\$aWR13.144/5$c20140418$lBLL01$h1043
=CAT  \\$aBATCH-DCW$b00$c20160710$lBLL01$h1009
=CAT  \\$a1805-0738$c20181228$lBLL01$h1833
=CAT  \\$a1805-0738$b00$c20181228$lBLL01$h1917
=CAT  \\$aBATCH-DCW$b00$c20191011$lBLL01$h0206
=CAT  \\$aW2011-1472$b00$c20201127$lBLL01$h1833
=CAT  \\$a14185$b40$c20230613$lBLL01$h1539
=FIN  \\$aY$d20130227
=LKR  \\$aPAR$lBLL01$r776$b000972890$mPoems, chiefly in the Scottish Dialect.$nPoems, chiefly in the Scottish Dialect.
=DGM  \\$a000972890$bCatBridge variable field
=DRT  \\$aGOOGLEBOOKS
=DRT  \\$aMSD
=SRC  \\$aGOOGLEBOOKS$bGoogleBooks_20191010
=SRC  \\$aMSD$bMSBooks_20160709
=SRC  \\$aMSD$bmsdig_000172
=LAS  \\$a14185$b40$c20230613$lBLL01$h1539

