=LDR  02541cam a22006493  4500
=001  016287120
=003  Uk
=005  20230613153818.0
=007  cr\mn\024mpadp
=007  cr\mn\024mpada
=008  881103|1801|||||||\\\\|s\\\\\|||\||eng\\
=FMT  \\$a  BK
=040  \\$aUk$cUk
=100  1\$aHogg, James,$d1770-1835.
=240  10$aSingle Works
=245  10$aScottish Pastorals, Poems, Songs, ... mostly written in the dialect of the South.$h[electronic resource]
=264  \1$aEdinburgh,$c1801.
=300  \\$c(8º)
=336  \\$atext$2rdacontent
=337  \\$acomputer$2rdamedia
=338  \\$aonline resource$2rdacarrier
=340  \\$m8vo$2rdabf
=655  \7$aSongs.$2fast$0(OCoLC)fst01726744
=655  \7$aPoetry.$2fast$0(OCoLC)fst01423828
=859  \\$aXLD$bMS Digitised
=859  \\$aXLD$bMSD
=859  \\$aXLD$bGOOGLEBOOKS
=883  0\$aLanguage codes assigned by Bayesian analysis of words present in record$d20201028$qUk$c0.9010
=852  4\$aBritish Library$bHMNTS$cDRT$jDigital Store 992.i.5.(1.)
=985  \\$aEnhanced during collaborative project with UCL (course BASC0033). 2022-23.
=985  \\$aCorrected by MS generated file for WR# 1805-0738
=985  \\$aUpgraded by BSS-generated file for WR2011-1472
=CAT  \\$aBATCH-MSDN$b00$c20130227$lBLL01$h1541
=CAT  \\$aMSD-SUPP$c20130227$lBLL01$h1832
=CAT  \\$aBATCH-UPD$b00$c20130318$lBLL01$h1050
=CAT  \\$aWR13.117$c20130720$lBLL01$h1921
=CAT  \\$aWR14.046$c20140417$lBLL01$h1725
=CAT  \\$aWR13.144/5$c20140418$lBLL01$h1043
=CAT  \\$aBATCH-DCW$b00$c20151228$lBLL01$h0206
=CAT  \\$aBATCH-UPD$b00$c20151228$lBLL01$h0207
=CAT  \\$aBATCH-FIX$c20160124$lBLL01$h1228
=CAT  \\$aBATCH-FIX$c20160125$lBLL01$h1512
=CAT  \\$aBATCH-DCW$b00$c20160710$lBLL01$h1009
=CAT  \\$aBATCH-DCW$c20160713$lBLL01$h1618
=CAT  \\$a1805-0738$c20181228$lBLL01$h1833
=CAT  \\$a1805-0738$b00$c20181228$lBLL01$h1917
=CAT  \\$aW2011-1472$b00$c20201127$lBLL01$h1833
=CAT  \\$a14185$b40$c20230613$lBLL01$h1538
=FIN  \\$aY$d20130227
=LKR  \\$aPAR$lBLL01$r776$b001708667$mScottish Pastorals, Poems, Songs, ... mostly written in the dialect of the South.$nScottish Pastorals, Poems, Songs, ... mostly written in the dialect of the South.
=DGM  \\$a001708667$bCatBridge variable field
=DRT  \\$aMSD
=DRT  \\$aGOOGLEBOOKS
=SRC  \\$aGOOGLEBOOKS$bGoogleBooks_20151227
=SRC  \\$aMSD$bMSBooks_20160709
=SRC  \\$aMSD$bmsdig_000172
=LAS  \\$a14185$b40$c20230613$lBLL01$h1538

