=LDR  02282 am a22006013  4500
=001  016287330
=003  Uk
=005  20191108181330.0
=007  cr\mn\024mpadp
=007  cr\mn\024mpada
=008  890201|1806||||enk\\\\|s\\\\\|||\||eng\\
=FMT  \\$a  BK
=040  \\$aUk$cUk
=100  10$aLawrence, Thomas Dawson.
=245  10$a[The Miscellaneous Works of T. D. Lawrence Esq. MS. notes.]$h[electronic resource]
=250  \\$a[Another edition.] The Miscellaneous Productions of T. D. Lawrence.
=264  \1$aLondon,$c1806.
=300  \\$c(8º)
=336  \\$atext$2rdacontent
=337  \\$acomputer$2rdamedia
=338  \\$aonline resource$2rdacarrier
=340  \\$m8vo$2rdabf
=787  0\$tThe Miscellaneous Works of T. D. Lawrence Esq. MS. notes.$w(Uk)MP1.0002223354$dDublin, 1789. 8º.
=859  \\$aXLD$bMS Digitised
=859  \\$aXLD$bMSD
=859  \\$aXLD$bGOOGLEBOOKS
=852  4\$aBritish Library$bHMNTS$cDRT$jDigital Store 992.i.5.(3.)
=985  \\$aUpgraded by BSS-generated file for WR1910-0531
=CAT  \\$aBATCH-MSDN$b00$c20130227$lBLL01$h1541
=CAT  \\$aMSD-SUPP$c20130227$lBLL01$h1832
=CAT  \\$aBATCH-UPD$b00$c20130318$lBLL01$h1050
=CAT  \\$aWR13.117$c20130720$lBLL01$h1921
=CAT  \\$aWR14.046$c20140417$lBLL01$h1725
=CAT  \\$aWR13.144/5$c20140418$lBLL01$h1043
=CAT  \\$aBATCH-DCW$b00$c20151228$lBLL01$h0206
=CAT  \\$aBATCH-UPD$b00$c20151228$lBLL01$h0207
=CAT  \\$aBATCH-FIX$c20160124$lBLL01$h1228
=CAT  \\$aBATCH-FIX$c20160125$lBLL01$h1512
=CAT  \\$aBATCH-DCW$b00$c20160710$lBLL01$h1009
=CAT  \\$aBATCH-DCW$c20160713$lBLL01$h1618
=CAT  \\$aW1807-0595$c20180717$lBLL01$h1730
=CAT  \\$a1805-0738$c20181228$lBLL01$h1833
=CAT  \\$a1805-0738$b00$c20181228$lBLL01$h1917
=CAT  \\$aW1910-0531$b00$c20191108$lBLL01$h1813
=FIN  \\$aY$d20130227
=LKR  \\$aPAR$lBLL01$r776$b002095234$m[The Miscellaneous Works of T. D. Lawrence Esq. MS. notes.]$n[The Miscellaneous Works of T. D. Lawrence Esq. MS. notes.]
=DGM  \\$a002095234$bCatBridge variable field
=DRT  \\$aMSD
=DRT  \\$aGOOGLEBOOKS
=SRC  \\$aGOOGLEBOOKS$bGoogleBooks_20151227
=SRC  \\$aMSD$bMSBooks_20160709
=SRC  \\$aMSD$bmsdig_000172
=LAS  \\$aW1910-0531$b00$c20191108$lBLL01$h1813

