=LDR  01924 am a22005293  4500
=001  016287528
=003  Uk
=005  20191114121204.0
=007  cr\mn\024mpadp
=007  cr\mn\024mpada
=008  890503|1744||||enk\\\\|s\\\\\|||\||eng\\
=FMT  \\$a  BK
=040  \\$aUk$cUk
=100  1\$aMANWARING, Edward.
=245  10$aOf Harmony and Numbers, in Latin and English Prose, and in English Poetry.$h[electronic resource]
=264  \1$aLondon,$c1744.
=300  \\$c(8º)
=336  \\$atext$2rdacontent
=337  \\$acomputer$2rdamedia
=338  \\$aonline resource$2rdacarrier
=340  \\$m8vo$2rdabf
=859  \\$aXLD$bGOOGLEBOOKS
=859  \\$aXLD$bMS Digitised
=859  \\$aXLD$bMSD
=852  4\$cDRT$jDigital Store 992.h.12.(1.)$aBritish Library$bHMNTS
=985  \\$aUpgraded by BSS-generated file for WR1910-0531
=CAT  \\$aBATCH-MSDN$b00$c20130227$lBLL01$h1542
=CAT  \\$aMSD-SUPP$c20130227$lBLL01$h1832
=CAT  \\$aBATCH-UPD$b00$c20130318$lBLL01$h1050
=CAT  \\$aWR13.117$c20130720$lBLL01$h1921
=CAT  \\$aWR14.046$c20140417$lBLL01$h1725
=CAT  \\$aWR13.144/5$c20140418$lBLL01$h1043
=CAT  \\$aBATCH-DCW$b00$c20160710$lBLL01$h1009
=CAT  \\$aW1807-0595$c20180717$lBLL01$h1730
=CAT  \\$a1805-0738$c20181228$lBLL01$h1833
=CAT  \\$a1805-0738$b00$c20181228$lBLL01$h1917
=CAT  \\$aBATCH-DCW$b00$c20191031$lBLL01$h0204
=CAT  \\$aW1910-0531$b00$c20191114$lBLL01$h1212
=FIN  \\$aY$d20130227
=LKR  \\$aPAR$lBLL01$r776$b002373010$mOf Harmony and Numbers, in Latin and English Prose, and in English Poetry.$nOf Harmony and Numbers, in Latin and English Prose, and in English Poetry.
=DGM  \\$a002373010$bCatBridge variable field
=DRT  \\$aGOOGLEBOOKS
=DRT  \\$aMSD
=SRC  \\$aGOOGLEBOOKS$bGoogleBooks_20191030
=SRC  \\$aMSD$bMSBooks_20160709
=SRC  \\$aMSD$bmsdig_000172
=LAS  \\$aW1910-0531$b00$c20191114$lBLL01$h1212

