=LDR  02187 am a22005773  4500
=001  015742564
=003  Uk
=005  20210531020745.0
=007  cr\mn\024mpadp
=007  cr\mn\024mpada
=008  870902|1855||||enk\\\\|s\\\\||||\||eng\\
=040  \\$aUk$cUk
=100  1\$aSullivan, Edward Robert,$cSir,$d1826-1899.
=245  12$aA Trip to the Trenches in February and March, 1855. By an Amateur. Second edition.$h[electronic resource]
=264  \1$aLondon :$bSaunders & Otley,$c1855.
=300  \\$a284 pages ;$c(8º)
=336  \\$atext$2rdacontent
=337  \\$acomputer$2rdamedia
=338  \\$aonline resource$2rdacarrier
=500  \\$aBy Sir Edward Sullivan.
=720  \\$aAMATEUR
=852  4\$cDRT$jDigital Store 9077.d.34.$aBritish Library$bHMNTS
=859  \\$aXLD$bGOOGLEBOOKS
=859  \\$aXLD$bMS Digitised
=859  \\$aXLD$bMSD
=985  \\$aEnhanced by MS generated file for WR# 12/139
=985  \\$aCorrected by MS generated file for WR# 1805-0738
=CAT  \\$aBATCH-MSDN$b00$c20110201$lBLL01$h1108
=CAT  \\$aBATCH-MSDE$b00$c20130227$lBLL01$h1542
=CAT  \\$aMSD-SUPP$c20130227$lBLL01$h1832
=CAT  \\$aBATCH-UPD$b00$c20130318$lBLL01$h1049
=CAT  \\$aWR12.139$b00$c20130521$lBLL01$h1737
=CAT  \\$aWR13.117$c20130720$lBLL01$h1920
=CAT  \\$aWR14.046$c20140417$lBLL01$h1724
=CAT  \\$aWR13.144/5$c20140418$lBLL01$h1022
=CAT  \\$aBATCH-DCW$b00$c20160710$lBLL01$h1009
=CAT  \\$a1805-0738$c20181228$lBLL01$h1830
=CAT  \\$a1805-0738$b00$c20181228$lBLL01$h1915
=CAT  \\$aW2001-2376$c20200626$lBLL01$h1827
=CAT  \\$aBATCH-DCW$b00$c20210531$lBLL01$h0207
=DGM  \\$a000067216$bCatBridge variable field
=DRT  \\$aGOOGLEBOOKS
=DRT  \\$aMSD
=FIN  \\$aY$d20130227
=FMT  \\$a  BK
=LAS  \\$aBATCH-DCW$b00$c20210531$lBLL01$h0207
=LKR  \\$aPAR$lBLL01$r776$b000067216$mA Trip to the Trenches in February and March, 1855. By an Amateur. Second edition.$nA Trip to the Trenches in February and March, 1855. By an Amateur. Second edition.
=SRC  \\$aGOOGLEBOOKS$bGoogleBooks_20210530
=SRC  \\$aMSD$bMSBooks_20160709
=SRC  \\$aMSD$bmsdig_000172
=SRC  \\$aMSD$bmsdig_000616

