=LDR  02636 am a22006373  4500
=001  015742695
=003  Uk
=005  20110201110809.0
=007  cr\mn\024mpadp
=007  cr\mn\024mpada
=008  880523|1837||||enk\\\\|s\\\\\|||\||eng\\
=040  \\$aUk$cUk
=100  1\$aByron, George Gordon Byron,$cBaron,$d1788-1824.
=240  10$aWorks
=245  14$aThe Works of Lord Byron. Complete in one volume. With notes by Thomas Moore, Esq., Lord Jeffrey, Sir Walter Scott ... &c. &c. [With a portrait.]$h[electronic resource]
=264  \1$aLondon :$bJohn Murray,$c1837.
=300  \\$aviii, 827 pages ;$c(8º)
=336  \\$atext$2rdacontent
=337  \\$acomputer$2rdamedia
=338  \\$aonline resource$2rdacarrier
=340  \\$m8vo$2rdabf
=500  \\$aWith an additional titlepage, engraved.
=852  4\$cDRT$jDigital Store 1466.i.25.$aBritish Library$bHMNTS
=859  \\$aXLD$bGOOGLEBOOKS
=859  \\$aXLD$bMS Digitised
=859  \\$aXLD$bMSD
=985  \\$aCorrected by MS generated file for WR# 11/211
=985  \\$aEnhanced by MS generated file for WR# 12/139
=985  \\$aCorrected by MS generated file for WR# 1805-0738
=CAT  \\$aBATCH-MSDN$b00$c20110201$lBLL01$h1108
=CAT  \\$aBATCH-MSDE$b00$c20130227$lBLL01$h1542
=CAT  \\$aMSD-SUPP$c20130227$lBLL01$h1832
=CAT  \\$aBATCH-UPD$b00$c20130318$lBLL01$h1049
=CAT  \\$aWR12.139$b00$c20130501$lBLL01$h1844
=CAT  \\$aWR13.117$c20130720$lBLL01$h1920
=CAT  \\$aWR14.046$c20140417$lBLL01$h1724
=CAT  \\$aWR13.144/5$c20140418$lBLL01$h1023
=CAT  \\$aWR11_211$c20141230$lBLL01$h1741
=CAT  \\$aBLSS-CORR$b00$c20141230$lBLL01$h1744
=CAT  \\$aBATCH-UPD$b00$c20160301$lBLL01$h1910
=CAT  \\$aBATCH-DCW$b00$c20160710$lBLL01$h1009
=CAT  \\$aW1807-0595$c20180717$lBLL01$h1729
=CAT  \\$aBATCH-DCW$b00$c20180825$lBLL01$h0204
=CAT  \\$a1805-0738$c20190118$lBLL01$h1754
=CAT  \\$a1805-0738$b00$c20190118$lBLL01$h1755
=DGM  \\$a000557684$bCatBridge variable field
=DRT  \\$aGOOGLEBOOKS
=DRT  \\$aMSD
=FIN  \\$aY$d20130227
=FMT  \\$a  BK
=LAS  \\$a1805-0738$b00$c20190118$lBLL01$h1755
=LKR  \\$aPAR$lBLL01$r776$b000557684$mThe Works of Lord Byron. Complete in one volume. With notes by Thomas Moore, Esq., Lord Jeffrey, Sir Walter Scott ... &c. &c. [With a portrait.]$nThe Works of Lord Byron. Complete in one volume. With notes by Thomas Moore, Esq., Lord Jeffrey, Sir Walter Scott ... &c. &c. [With a portrait.]
=SRC  \\$aGOOGLEBOOKS$bGoogleBooks_20180824
=SRC  \\$aMSD$bMSBooks_20160709
=SRC  \\$aMSD$bmsdig_000172
=SRC  \\$aMSD$bmsdig_000616

