=LDR  01911 am a22005413  4500
=001  015742995
=003  Uk
=005  20200927020649.0
=007  cr\mn\024mpadp
=007  cr\mn\024mpada
=008  900131|1828||||enk\\\\|s\\\\||||\||eng\\
=040  \\$aUk$cUk
=245  10$aSketches and Recollections of the West Indies. By a Resident.$h[electronic resource]
=264  \1$aLondon,$c1828.
=300  \\$c(12º)
=336  \\$atext$2rdacontent
=337  \\$acomputer$2rdamedia
=338  \\$aonline resource$2rdacarrier
=340  \\$m12mo$2rdabf
=720  \\$aRESIDENT
=852  4\$cDRT$jDigital Store 1050.l.12.$aBritish Library$bHMNTS
=859  \\$aXLD$bGOOGLEBOOKS
=859  \\$aXLD$bMS Digitised
=859  \\$aXLD$bMSD
=985  \\$aUpgraded by BSS-generated file for WR1910-0531
=CAT  \\$aBATCH-MSDN$b00$c20110201$lBLL01$h1310
=CAT  \\$aBATCH-MSDE$b00$c20130227$lBLL01$h1543
=CAT  \\$aMSD-SUPP$c20130227$lBLL01$h1832
=CAT  \\$aBATCH-UPD$b00$c20130318$lBLL01$h1050
=CAT  \\$aWR13.117$c20130720$lBLL01$h1920
=CAT  \\$aWR14.046$c20140417$lBLL01$h1724
=CAT  \\$aWR13.144/5$c20140418$lBLL01$h1023
=CAT  \\$aBATCH-DCW$b00$c20160710$lBLL01$h1009
=CAT  \\$a1805-0738$c20181228$lBLL01$h1830
=CAT  \\$a1805-0738$b00$c20181228$lBLL01$h1915
=CAT  \\$aW1910-0531$b00$c20191108$lBLL01$h1813
=CAT  \\$aBATCH-DCW$b00$c20200927$lBLL01$h0206
=DGM  \\$a003077085$bCatBridge variable field
=DRT  \\$aGOOGLEBOOKS
=DRT  \\$aMSD
=FIN  \\$aY$d20130227
=FMT  \\$a  BK
=LAS  \\$aBATCH-DCW$b00$c20200927$lBLL01$h0206
=LKR  \\$aPAR$lBLL01$r776$b003077085$mSketches and Recollections of the West Indies. By a Resident.$nSketches and Recollections of the West Indies. By a Resident.
=SRC  \\$aGOOGLEBOOKS$bGoogleBooks_20200926
=SRC  \\$aMSD$bMSBooks_20160709
=SRC  \\$aMSD$bmsdig_000172
=SRC  \\$aMSD$bmsdig_000620

