=LDR  02441 am a22006013  4500
=001  014643452
=003  Uk
=005  20201127182431.0
=007  cr\mn\024mpadp
=007  cr\mn\024mpada
=008  890228|1743||||enk\\\\|s\\\\\|||\||eng\\
=FMT  \\$a  BK
=040  \\$aUk$cUk
=100  1\$aLockman, John,$d1698-1771.
=245  10$aPastoral Stanzas ... on ... the Marriage of C. Phipps ... with the Honourable Miss Lepel Hervey.$h[electronic resource]
=264  \1$aLondon,$c1743.
=300  \\$c(4º)
=336  \\$atext$2rdacontent
=337  \\$acomputer$2rdamedia
=338  \\$aonline resource$2rdacarrier
=340  \\$m4to$2rdabf
=700  1\$aPHIPPS, Constantine,$cBaron Mulgrave.
=886  2\$2blmarc$a709$b00$aPHIPPS$hConstantine$fBaron Mulgrave$p643.k.5.(2.)$x2580720103
=859  \\$aXLD$bGOOGLEBOOKS
=859  \\$aXLD$bMS Digitised
=859  \\$aXLD$bMSD
=883  0\$aLanguage codes assigned by Bayesian analysis of words present in record$d20201028$qUk$c0.9010
=852  4\$cDRT$jDigital Store 643.k.5.(2.)$aBritish Library$bHMNTS
=852  4\$aBritish Library$bHMNTS$cDRT$jDigital Store T.655.(8)
=985  \\$aUpgraded by BSS-generated file for WR1910-0531
=985  \\$aUpgraded by BSS-generated file for WR2011-1472
=CAT  \\$aBATCH-MSDN$b00$c20080612$lBLL01$h1124
=CAT  \\$aBATCH$b00$c20080612$lBLL01$h1130
=CAT  \\$aBATCH-UPD$b00$c20100501$lBLL01$h0018
=CAT  \\$a5194$b40$c20120531$lBLL01$h1647
=CAT  \\$aWR13.117$c20130720$lBLL01$h1901
=CAT  \\$aWR14.046$c20140417$lBLL01$h1707
=CAT  \\$aWR13.144/5$c20140418$lBLL01$h0950
=CAT  \\$aBATCH-DCW$b00$c20160710$lBLL01$h1005
=CAT  \\$a1805-0738$c20181228$lBLL01$h1816
=CAT  \\$a1805-0738$b00$c20181228$lBLL01$h1903
=CAT  \\$aW1910-0531$b00$c20191108$lBLL01$h1810
=CAT  \\$aBATCH-DCW$b00$c20200526$lBLL01$h0205
=CAT  \\$aW2011-1472$b00$c20201127$lBLL01$h1824
=FIN  \\$aY$d20080612
=LKR  \\$aPAR$lBLL01$r776$b002208952$mPastoral Stanzas ... on ... the Marriage of C. Phipps ... with the Honourable Miss Lepel Hervey.$nPastoral Stanzas ... on ... the Marriage of C. Phipps ... with the Honourable Miss Lepel Hervey.
=DGM  \\$a002208952$bCatBridge variable field
=DRT  \\$aGOOGLEBOOKS
=DRT  \\$aMSD
=SRC  \\$aGOOGLEBOOKS$bGoogleBooks_20200525
=SRC  \\$aMSD$bMSBooks_20160709
=SRC  \\$aMSD$bmsdig_000042
=LAS  \\$aW2011-1472$b00$c20201127$lBLL01$h1824

