=LDR  02432cam a22006493  4500
=001  014824144
=003  Uk
=005  20220201173810.0
=007  cr\mn\024mpada
=007  cr\mn\024mpadp
=008  900411s1845\\\\enk\\\\\s\\\\\000\0\eng\\
=FMT  \\$a  BK
=040  \\$aUk$beng$cUk
=100  1\$aSmith, John Thomas,$d1766-1833.
=245  12$aA book for a rainy day :$bor, Recollections of the events of the last sixty-six years
=264  \1$aLondon :$bRichard Bentley,$c1845.
=300  \\$aiv, 311 pages ;$c(8º)
=336  \\$atext$2rdacontent
=337  \\$acomputer$2rdamedia
=338  \\$aonline resource$2rdacarrier
=340  \\$m8vo$2rdabf
=600  17$aSmith, John Thomas,$d1766-1833$2fast$0(OCoLC)fst00307410
=648  \7$a1766-1833$2fast
=650  \7$aManners and customs.$2fast$0(OCoLC)fst01007815
=651  \7$aGreat Britain.$2fast$0(OCoLC)fst01204623
=859  \\$aXLD$bGOOGLEBOOKS
=859  \\$aXLD$bMS Digitised
=859  \\$aXLD$bMSD
=852  4\$cDRT$jDigital Store 1453.g.1.$aBritish Library$bHMNTS
=852  4\$cDRT$jDigital Store 010360.b.55.$aBritish Library$bHMNTS
=985  \\$aCorrected by MS generated file for WR# 11/211
=985  \\$aCorrected by MS generated file for WR# 1805-0738
=985  \\$aEnhanced by MS generated file for WR# 12/139
=CAT  \\$a1805-0738$b00$c20181228$lBLL01$h1906
=CAT  \\$a1805-0738$c20181228$lBLL01$h1820
=CAT  \\$a6537$b40$c20140910$lBLL01$h0802
=CAT  \\$aBATCH$b00$c20081119$lBLL01$h1052
=CAT  \\$aBATCH-DCW$b00$c20160710$lBLL01$h1006
=CAT  \\$aBATCH-DCW$b00$c20160802$lBLL01$h0212
=CAT  \\$aBATCH-MSDN$b00$c20081119$lBLL01$h0940
=CAT  \\$aBATCH-UPD$b00$c20100501$lBLL01$h0040
=CAT  \\$aBLSS-CORR$b00$c20141230$lBLL01$h1743
=CAT  \\$aWR11_211$c20141230$lBLL01$h1739
=CAT  \\$aWR12.139$b00$c20130709$lBLL01$h1713
=CAT  \\$aWR13.117$c20130720$lBLL01$h1910
=CAT  \\$aWR13.144/5$c20140418$lBLL01$h1010
=CAT  \\$aWR14.046$c20140417$lBLL01$h1714
=CAT  \\$aW2107-1297$b00$c20220201$lBLL01$h1738
=FIN  \\$aY$d20081119
=LKR  \\$aPAR$lBLL01$r776$b003420316$mA book for a rainy day$nA book for a rainy day
=DGM  \\$a003420316$bCatBridge variable field
=DRT  \\$aGOOGLEBOOKS
=DRT  \\$aMSD
=SRC  \\$aGOOGLEBOOKS$bGoogleBooks_20160801
=SRC  \\$aMSD$bMSBooks_20160709
=SRC  \\$aMSD$bmsdig_000054
=LAS  \\$aW2107-1297$b00$c20220201$lBLL01$h1738

