=LDR  02037cam a22005533  4500
=001  014872042
=003  Uk
=005  20211130020643.0
=007  cr\mn\024mpadp
=007  cr\mn\024mpada
=008  881130|1692||||enk\\\\|s\\\\||||\||eng\\
=FMT  \\$a  BK
=040  \\$aUk$cUk
=245  14$aThe Jacobite Conventicle. A poem [By Richard Ames].$h[electronic resource]
=264  \1$aLondon,$c1692.
=300  \\$c(4º)
=336  \\$atext$2rdacontent
=337  \\$acomputer$2rdamedia
=338  \\$aonline resource$2rdacarrier
=340  \\$m4to$2rdabf
=700  1\$aAMES, Richard,$cStudent of Lincoln's Inn.
=720  \\$aJACOBITE CONVENTICLE
=886  2\$2blmarc$a709$b00$aAMES$hRichard$fStudent of Lincoln's Inn$p1077.l.3.(3.)$x0071380027
=859  \\$aXLD$bGOOGLEBOOKS
=859  \\$aXLD$bMS Digitised
=859  \\$aXLD$bMSD
=852  4\$aBritish Library$bHMNTS$cDRT$jDigital Store 1077.l.3.(3.)
=852  4\$cDRT$jDigital Store 1077.l.3.(3)$aBritish Library$bHMNTS
=985  \\$aUpgraded by BSS-generated file for WR1910-0531
=CAT  \\$aBATCH-MSDN$b00$c20090108$lBLL01$h0731
=CAT  \\$aBATCH$b00$c20090108$lBLL01$h1118
=CAT  \\$aBATCH-UPD$b00$c20100501$lBLL01$h0047
=CAT  \\$aWR13.117$c20130720$lBLL01$h1916
=CAT  \\$aWR14.046$c20140417$lBLL01$h1720
=CAT  \\$aWR13.144/5$c20140418$lBLL01$h1016
=CAT  \\$aBATCH-DCW$b00$c20160710$lBLL01$h1008
=CAT  \\$a1805-0738$c20181228$lBLL01$h1824
=CAT  \\$a1805-0738$b00$c20181228$lBLL01$h1909
=CAT  \\$aW1910-0531$b00$c20191108$lBLL01$h1812
=CAT  \\$aBATCH-DCW$b00$c20211130$lBLL01$h0206
=FIN  \\$aY$d20090108
=LKR  \\$aPAR$lBLL01$r776$b001837830$mThe Jacobite Conventicle. A poem [By Richard Ames].$nThe Jacobite Conventicle. A poem [By Richard Ames].
=DGM  \\$a001837830$bCatBridge variable field
=DRT  \\$aGOOGLEBOOKS
=DRT  \\$aMSD
=SRC  \\$aGOOGLEBOOKS$bGoogleBooks_20211129
=SRC  \\$aMSD$bMSBooks_20160709
=SRC  \\$aMSD$bMSDIG_000063
=LAS  \\$aBATCH-DCW$b00$c20211130$lBLL01$h0206

