=LDR  02062cam a22005293  4500
=001  014872775
=003  Uk
=005  20211126020432.0
=007  cr\mn\024mpadp
=007  cr\mn\024mpada
=008  900222|1692||||enk\\\\|s\\\\\|||\||eng\\
=FMT  \\$a  BK
=040  \\$aUk$cUk
=100  1\$aSALTER, James,$cthe Elder.
=245  14$aThe Triumphs of the Holy Jesus: or, A Divine Poem of the Birth, Life, Death, and Resurrection, of our Saviour.$h[electronic resource]
=264  \1$aLondon,$c1692.
=300  \\$c(4º)
=336  \\$atext$2rdacontent
=337  \\$acomputer$2rdamedia
=338  \\$aonline resource$2rdacarrier
=340  \\$m4to$2rdabf
=859  \\$aXLD$bGOOGLEBOOKS
=859  \\$aXLD$bMS Digitised
=859  \\$aXLD$bMSD
=852  4\$aBritish Library$bHMNTS$cDRT$jDigital Store 1077.l.3.(2.)
=852  4\$cDRT$jDigital Store 1077.l.3.(2)$aBritish Library$bHMNTS
=985  \\$aUpgraded by BSS-generated file for WR1910-0531
=CAT  \\$aBATCH-MSDN$b00$c20090108$lBLL01$h0731
=CAT  \\$aBATCH$b00$c20090108$lBLL01$h1118
=CAT  \\$aBATCH-UPD$b00$c20100501$lBLL01$h0047
=CAT  \\$aWR13.117$c20130720$lBLL01$h1916
=CAT  \\$aWR14.046$c20140417$lBLL01$h1721
=CAT  \\$aWR13.144/5$c20140418$lBLL01$h1016
=CAT  \\$aBATCH-DCW$b00$c20160710$lBLL01$h1008
=CAT  \\$a1805-0738$c20181228$lBLL01$h1824
=CAT  \\$a1805-0738$b00$c20181228$lBLL01$h1910
=CAT  \\$aW1910-0531$b00$c20191108$lBLL01$h1812
=CAT  \\$aBATCH-DCW$b00$c20211126$lBLL01$h0204
=FIN  \\$aY$d20090108
=LKR  \\$aPAR$lBLL01$r776$b003234455$mThe Triumphs of the Holy Jesus: or, A Divine Poem of the Birth, Life, Death, and Resurrection, of our Saviour.$nThe Triumphs of the Holy Jesus: or, A Divine Poem of the Birth, Life, Death, and Resurrection, of our Saviour.
=DGM  \\$a003234455$bCatBridge variable field
=DRT  \\$aGOOGLEBOOKS
=DRT  \\$aMSD
=SRC  \\$aGOOGLEBOOKS$bGoogleBooks_20211125
=SRC  \\$aMSD$bMSBooks_20160709
=SRC  \\$aMSD$bMSDIG_000063
=LAS  \\$aBATCH-DCW$b00$c20211126$lBLL01$h0204

